<?xml version="1.0" encoding="UTF-8" ?>
<collection xmlns:xsi="http://www.w3.org/2001/XMLSchema-instance" xsi:schemaLocation="http://www.loc.gov/MARC21/slim http://www.loc.gov/standards/marcxml/schema/MARC21slim.xsd" xmlns="http://www.loc.gov/MARC21/slim">
   <record>
      <leader>     cam a22      a 4500</leader>
      <controlfield tag="001">4889711</controlfield>
      <controlfield tag="003">COO</controlfield>
      <controlfield tag="005">20140722213712.0</controlfield>
      <controlfield tag="008">910906s1940    ua            000 0 ara d</controlfield>
      <datafield tag="035" ind1=" " ind2=" ">
         <subfield code="a">(OCoLC)53507670</subfield>
      </datafield>
      <datafield tag="035" ind1=" " ind2=" ">
         <subfield code="a">4889711</subfield>
      </datafield>
      <datafield tag="040" ind1=" " ind2=" ">
         <subfield code="a">NICcNIC</subfield>
      </datafield>
      <datafield tag="050" ind1=" " ind2="4">
         <subfield code="a">BP153.A273</subfield>
         <subfield code="b">S54 1940</subfield>
      </datafield>
      <datafield tag="100" ind1="1" ind2="0">
         <subfield code="a">Shirbīnī, Muḥammad ibn Aḥmad,</subfield>
         <subfield code="d">-1570.</subfield>
      </datafield>
      <datafield tag="245" ind1="1" ind2="3">
         <subfield code="a">al-Iqnāʻ fī ḥall alfāẓ Abī Shujāʻ /</subfield>
         <subfield code="c">tal̉īf Shams al-Dīn Muḥammad ibn Aḥmad al-Shirbīnī al-Khaṭīb.  Wa-bi-hāmishihi taqrīr al-Shaykh ʻIwaḍ bi-kamālihi wa-baʻḍ taqārīr li-Shaykh al-Islām al-Shaykh Ibrāhīm al-Bājūrī.</subfield>
      </datafield>
      <datafield tag="250" ind1=" " ind2=" ">
         <subfield code="a">al-Ṭabʻah al-akhīrah.</subfield>
      </datafield>
      <datafield tag="260" ind1="0" ind2=" ">
         <subfield code="a">Miṣr :</subfield>
         <subfield code="b">Maṭbaʻat Muṣṭafá al-Bābī al-Ḥalabī,</subfield>
         <subfield code="c">1940.</subfield>
      </datafield>
      <datafield tag="300" ind1=" " ind2=" ">
         <subfield code="a">2 v. in 1 ;</subfield>
         <subfield code="c">28 cm.</subfield>
      </datafield>
      <datafield tag="600" ind1="1" ind2="0">
         <subfield code="a">Abū Shujāʻ al-Iṣfahānī, Aḥmad ibn al-Ḥusayn,</subfield>
         <subfield code="d">1725 or 6-1782 or 3.</subfield>
         <subfield code="t">Ghāyat al-ikhtiṣār.</subfield>
      </datafield>
      <datafield tag="650" ind1=" " ind2="0">
         <subfield code="a">Islamic law.</subfield>
      </datafield>
      <datafield tag="650" ind1=" " ind2="0">
         <subfield code="a">Shafiites.</subfield>
      </datafield>
      <datafield tag="700" ind1="1" ind2="0">
         <subfield code="a">Iwaḍ, al-Shaykh.</subfield>
      </datafield>
      <datafield tag="700" ind1="1" ind2="0">
         <subfield code="a">Bājūrī, Ibrāhīm ibn Muḥammad,</subfield>
         <subfield code="d">1783 or 4-1860.</subfield>
      </datafield>
      <datafield tag="700" ind1="1" ind2="1">
         <subfield code="a">Abū Shujāʻ al-Iṣfahānī, Aḥmad ibn al-Ḥusayn,</subfield>
         <subfield code="d">1725 or 6-1782 or 3.</subfield>
         <subfield code="t">Ghāyat al-ikhtiṣār.</subfield>
      </datafield>
      <datafield tag="948" ind1="1" ind2=" ">
         <subfield code="a">20031029</subfield>
         <subfield code="b">o</subfield>
         <subfield code="d">ah16</subfield>
         <subfield code="e">lts</subfield>
      </datafield>
      <datafield tag="903" ind1=" " ind2=" ">
         <subfield code="a">NYUACO</subfield>
         <subfield code="d">20141028</subfield>
         <subfield code="p">31924096167261</subfield>
      </datafield>
      <datafield tag="950" ind1=" " ind2=" ">
         <subfield code="a">Oversize</subfield>
         <subfield code="b">BP153.A273 S54 1940 +</subfield>
         <subfield code="v"> </subfield>
      </datafield>
   </record>
</collection>
